% This file was created with Citavi 6.3.0.0

@article{Bilenko.2003,
 author = {Bilenko, M. and Mooney, R. and Cohen, W. and Ravikumar, P. and Fienberg, S.},
 year = {2003},
 title = {Adaptive name matching in information integration},
 pages = {16--23},
 pagination = {page},
 volume = {18},
 issn = {1541-1672},
 journaltitle = {IEEE Intelligent Systems},
 shortjournal = {IEEE Intell. Syst.},
 doi = {10.1109/MIS.2003.1234765},
 number = {5},
 abstract = {}
}


